@techreport{shipilina_origin_2022,
	type = {preprint},
	title = {On the origin and structure of haplotype blocks},
	url = {https://www.authorea.com/users/459348/articles/555633-on-the-origin-and-structure-of-haplotype-blocks?commit=ea3b976c235b53636c5db8582945f9e7de8be30c},
	urldate = {2022-05-07},
	institution = {Preprints},
	author = {Shipilina, Daria and Stankowski, Sean and Pal, Arka and Chan, Yingguang Frank and Barton, Nick},
	month = feb,
	year = {2022},
	doi = {10.22541/au.164425910.09070763/v1},
}

@incollection{friedman_ancestral_1997,
	address = {New York, NY},
	title = {An {Ancestral} {Recombination} {Graph}},
	volume = {87},
	isbn = {978-1-4419-2856-6 978-1-4757-2609-1},
	url = {http://link.springer.com/10.1007/978-1-4757-2609-1_16},
	language = {en},
	urldate = {2022-07-08},
	booktitle = {Progress in {Population} {Genetics} and {Human} {Evolution}},
	publisher = {Springer New York},
	author = {Griffiths, Robert C. and Marjoram, Paul},
	editor = {Friedman, Avner and Miller, Willard and Donnelly, Peter and Tavar√©, Simon},
	year = {1997},
	doi = {10.1007/978-1-4757-2609-1_16},
	note = {Series Title: The IMA Volumes in Mathematics and its Applications},
	pages = {257--270},
}

@book{hein_gene_2005,
	address = {Oxford ; New York},
	title = {Gene genealogies, variation and evolution: a primer in coalescent theory},
	isbn = {978-0-19-852995-8 978-0-19-852996-5},
	shorttitle = {Gene genealogies, variation and evolution},
	publisher = {Oxford University Press},
	author = {Hein, Jotun and Schierup, Mikkel H. and Wiuf, Carsten},
	year = {2005},
	keywords = {Genetics, Mathematical models},
}

@book{wakeley_coalescent_2009,
	address = {Greenwood Village, Colo},
	title = {Coalescent theory: an introduction},
	isbn = {978-0-9747077-5-4},
	shorttitle = {Coalescent theory},
	publisher = {Roberts \& Co. Publishers},
	author = {Wakeley, John},
	year = {2009},
	note = {OCLC: ocn222250855},
	keywords = {Genetics, Mathematical models},
}

@book{wong_what_arg_2022,
    title = "A general and efficient representation of Ancestral Recombination Graphs",
    author = {Wong, Yan and Ignatieva, Anastasia and Koskela, Jere and Gorjanc, Gregor and Wohns, Anthony W. and Kelleher, Jerome},
    year = "2022",
    address = {https://archive.softwareheritage.org/swh:1:rev:7df4f1995028cc676a6c1b231e8d7a024666b5fc},
}
